@article{example,
  title        = {Example},
  author       = {John Smith},
  year         = {201X},
  journal      = {Journal}
}